<record><leader>00000cas a22000007a 4500</leader><controlfield tag="001">30855060</controlfield><controlfield tag="008">940730d188718uuinuwr ne      0    0eng d</controlfield><datafield ind1=" " ind2=" " tag="010"><subfield code="a">sn 94055020 </subfield></datafield><datafield ind1=" " ind2=" " tag="040"><subfield code="a">NPI</subfield><subfield code="b">eng</subfield><subfield code="c">NPI</subfield><subfield code="d">OCLCQ</subfield></datafield><datafield ind1=" " ind2=" " tag="042"><subfield code="a">msc</subfield></datafield><datafield ind1="0" ind2="0" tag="245"><subfield code="a">Batesville budget.</subfield></datafield><datafield ind1=" " ind2=" " tag="260"><subfield code="a">Batesville, Ind. :</subfield><subfield code="b">G.H. Gabler,</subfield><subfield code="c">1887-</subfield></datafield><datafield ind1=" " ind2=" " tag="300"><subfield code="a">v.</subfield></datafield><datafield ind1=" " ind2=" " tag="310"><subfield code="a">Weekly</subfield></datafield><datafield ind1="0" ind2=" " tag="362"><subfield code="a">Vol. 1, no. 1 (Sept. 10, 1887)-</subfield></datafield><datafield ind1=" " ind2=" " tag="752"><subfield code="a">United States</subfield><subfield code="b">Indiana</subfield><subfield code="c">Ripley</subfield><subfield code="d">Batesville.</subfield></datafield><datafield ind1="0" ind2="0" tag="785"><subfield code="t">Ripley independent</subfield><subfield code="w">(DLC)sn 94055021</subfield></datafield></record>